% Encoding: UTF-8

@Article{SabiEtAl2016,
  author       = {Sabi, Humphrey M. and Uzoka, Faith-Michael E. and Langmia, Kehbuma and Njeh, Felix M.},
  title        = {Conceptualizing a model for adoption of cloud computing in education},
  journaltitle = {International Journal of Information Management},
  year         = {2016},
  volume       = {36},
  number       = {2},
  pages        = {183--191},
  doi          = {10.1016/j.ijinfomgt.2015.11.010},
  url          = {http://www.sciencedirect.com/science/article/pii/S0268401215001115},
}

@article{Zhou2018,
    title={Deep learning for the personalized tourism experience},
    author={Zhou, Y. et al.},
    journal={Tourism Management Perspectives},
    volume={28},
    pages={12--21},
    year={2018},
    publisher={Elsevier}
}

@article{Umerov2023InnovativeDO,
    title={Innovative development of the tourism and recreation sector of the region's economy in modern conditions},
    author={Veli Umerov},
    journal={Russian Journal of Management},
    year={2023},
    url={https://api.semanticscholar.org/CorpusID:259475722}
}


@Comment{jabref-meta: databaseType:biblatex;}
