
@online{courseraAI,
    title = {What Is Artificial Intelligence? Definition, Uses, and Types},
    year = {2021},
    url = {https://www.coursera.org},
    note = {Accessed: 2023-09-21}
}

@online{EdgeAIVisionObjectRecognition,
    title = {Object Recognition: 3 Things You Need to Know},
    year = {2023},
    url = {https://www.edge-ai-vision.com},
    organization = {Edge AI and Vision Alliance}
}

@online{FritzAIObjectDetection,
    title = {Object Detection Guide - Everything You Need to Know},
    year = {2023},
    url = {https://fritz.ai},
    organization = {Fritz AI}
}

@article{ParksRecAI2023,
    title = {AI: Here and Now},
    journal = {Parks and Recreation Magazine},
    publisher = {NRPA},
    author = {Lindsay Collins},
    year = {2023},
    url = {https://www.nrpa.org}
}

@online{WebisoftEntAI,
    title = {What Is the Role of AI in the Entertainment Industry?},
    author = {Webisoft},
    year = {2023},
    url = {https://webisoft.com}
}

@article{Mohan2023ObjectRI,
    title={Object Recognition in AI},
    author={Dr. K. Madan Mohan},
    journal={INTERANTIONAL JOURNAL OF SCIENTIFIC RESEARCH IN ENGINEERING AND MANAGEMENT},
    year={2023},
    url={https://api.semanticscholar.org/CorpusID:266394701}
}

@article{Nguyen2023AICF,
    title={AI Chatbot for Tourist Recommendations: A Case Study in Vietnam},
    author={Hai Thanh Nguyen and Thien Thanh Tran and Phat Tan Nham and Nhi Uyen Bui Nguyen and Anh Duy Le},
    journal={Appl. Comput. Syst.},
    year={2023},
    volume={28},
    pages={232-244},
    url={https://api.semanticscholar.org/CorpusID:267349464}
}

@article{Rather2024AIpoweredCI,
    title={AI-powered ChatGPT in the hospitality and tourism industry: benefits, challenges, theoretical framework, propositions and future research directions},
    author={Raouf Ahmad Rather},
    journal={Tourism Recreation Research},
    year={2024},
    url={https://api.semanticscholar.org/CorpusID:266807847}
}


@Comment{jabref-meta: databaseType:biblatex;}
